<?xml version="1.0" encoding="UTF-8"?><collection xmlns="http://www.loc.gov/MARC21/slim"><record><leader>00426nam--2200121-i-4500</leader><controlfield tag="001">000007464</controlfield><controlfield tag="002">20161230</controlfield><controlfield tag="005">20161230201027</controlfield><controlfield tag="008">060222s1000------------r-----000-0-eng-d</controlfield><datafield ind1=" " ind2=" " tag="100"><subfield code="a">Desestret, Andre</subfield></datafield><datafield ind1=" " ind2=" " tag="245"><subfield code="a">Contribution a l etude de la transpassivite des aciers inoxydables. quelques donnees actuelles sur la corrosion sous contrainte des aciers</subfield></datafield><datafield ind1=" " ind2=" " tag="260"><subfield code="a">Paris, La Faculte Des Sciences De L Universite 1964</subfield></datafield><datafield ind1=" " ind2=" " tag="490"><subfield code="a">127p</subfield></datafield></record></collection>